<!DOCTYPE html>
<meta charset="utf-8" />
<!-- version 1 -->
<title>[Gen 9] OU replay: ryzecharizard vs. kissxsora</title>
<style>
html,body {font-family:Verdana, sans-serif;font-size:10pt;margin:0;padding:0;}body{padding:12px 0;} .battle-log {font-family:Verdana, sans-serif;font-size:10pt;} .battle-log-inline {border:1px solid #AAAAAA;background:#EEF2F5;color:black;max-width:640px;margin:0 auto 80px;padding-bottom:5px;} .battle-log .inner {padding:4px 8px 0px 8px;} .battle-log .inner-preempt {padding:0 8px 4px 8px;} .battle-log .inner-after {margin-top:0.5em;} .battle-log h2 {margin:0.5em -8px;padding:4px 8px;border:1px solid #AAAAAA;background:#E0E7EA;border-left:0;border-right:0;font-family:Verdana, sans-serif;font-size:13pt;} .battle-log .chat {vertical-align:middle;padding:3px 0 3px 0;font-size:8pt;} .battle-log .chat strong {color:#40576A;} .battle-log .chat em {padding:1px 4px 1px 3px;color:#000000;font-style:normal;} .chat.mine {background:rgba(0,0,0,0.05);margin-left:-8px;margin-right:-8px;padding-left:8px;padding-right:8px;} .spoiler {color:#BBBBBB;background:#BBBBBB;padding:0px 3px;} .spoiler:hover, .spoiler:active, .spoiler-shown {color:#000000;background:#E2E2E2;padding:0px 3px;} .spoiler a {color:#BBBBBB;} .spoiler:hover a, .spoiler:active a, .spoiler-shown a {color:#2288CC;} .chat code, .chat .spoiler:hover code, .chat .spoiler:active code, .chat .spoiler-shown code {border:1px solid #C0C0C0;background:#EEEEEE;color:black;padding:0 2px;} .chat .spoiler code {border:1px solid #CCCCCC;background:#CCCCCC;color:#CCCCCC;} .battle-log .rated {padding:3px 4px;} .battle-log .rated strong {color:white;background:#89A;padding:1px 4px;border-radius:4px;} .spacer {margin-top:0.5em;} .message-announce {background:#6688AA;color:white;padding:1px 4px 2px;} .message-announce a, .broadcast-green a, .broadcast-blue a, .broadcast-red a {color:#DDEEFF;} .broadcast-green {background-color:#559955;color:white;padding:2px 4px;} .broadcast-blue {background-color:#6688AA;color:white;padding:2px 4px;} .infobox {border:1px solid #6688AA;padding:2px 4px;} .infobox-limited {max-height:200px;overflow:auto;overflow-x:hidden;} .broadcast-red {background-color:#AA5544;color:white;padding:2px 4px;} .message-learn-canlearn {font-weight:bold;color:#228822;text-decoration:underline;} .message-learn-cannotlearn {font-weight:bold;color:#CC2222;text-decoration:underline;} .message-effect-weak {font-weight:bold;color:#CC2222;} .message-effect-resist {font-weight:bold;color:#6688AA;} .message-effect-immune {font-weight:bold;color:#666666;} .message-learn-list {margin-top:0;margin-bottom:0;} .message-throttle-notice, .message-error {color:#992222;} .message-overflow, .chat small.message-overflow {font-size:0pt;} .message-overflow::before {font-size:9pt;content:'...';} .subtle {color:#3A4A66;}
</style>
<div class="wrapper replay-wrapper" style="max-width:1180px;margin:0 auto">
<input type="hidden" name="replayid" value="gen9ou-1716777722" />
<div class="battle"></div><div class="battle-log"></div><div class="replay-controls"></div><div class="replay-controls-2"></div>
<h1 style="font-weight:normal;text-align:center"><strong>[Gen 9] OU</strong><br /><a href="http://pokemonshowdown.com/users/ryzecharizard" class="subtle" target="_blank">ryzecharizard</a> vs. <a href="http://pokemonshowdown.com/users/kissxsora" class="subtle" target="_blank">kissxsora</a></h1>
<script type="text/plain" class="battle-log-data">|j|☆ryzecharizard
|j|☆kissxsora

|t:|1669008538
|gametype|singles
|player|p1|ryzecharizard|blaine|1413
|player|p2|kissxsora|cynthia|1515
|teamsize|p1|6
|teamsize|p2|6
|gen|9
|tier|[Gen 9] OU
|rated|
|rule|Sleep Clause Mod: Limit one foe put to sleep
|rule|Species Clause: Limit one of each Pokémon
|rule|OHKO Clause: OHKO moves are banned
|rule|Evasion Items Clause: Evasion items are banned
|rule|Evasion Moves Clause: Evasion moves are banned
|rule|Endless Battle Clause: Forcing endless battles is banned
|rule|HP Percentage Mod: HP is shown in percentages
|clearpoke
|poke|p1|Great Tusk|
|poke|p1|Lokix, M|
|poke|p1|Corviknight, F|
|poke|p1|Iron Moth|
|poke|p1|Rotom-Wash|
|poke|p1|Chi-Yu|
|poke|p2|Roaring Moon|
|poke|p2|Flutter Mane|
|poke|p2|Iron Bundle|
|poke|p2|Breloom, F|
|poke|p2|Kingambit, M|
|poke|p2|Great Tusk|
|teampreview
|
|t:|1669008561
|start
|switch|p1a: Lokix|Lokix, M|100\/100
|switch|p2a: Flutter Mane|Flutter Mane|251\/251
|turn|1
|inactive|Battle timer is ON: inactive players will automatically lose when time's up. (requested by kissxsora)
|inactive|Time left: 150 sec this turn | 150 sec total | 60 sec grace
|inactive|ryzecharizard has 120 seconds left.
|
|t:|1669008594
|switch|p1a: Corviknight|Corviknight, F|100\/100
|-ability|p1a: Corviknight|Pressure
|move|p2a: Flutter Mane|Moonblast|p1a: Corviknight
|-resisted|p1a: Corviknight
|-damage|p1a: Corviknight|76\/100
|
|upkeep
|turn|2
|inactive|Time left: 150 sec this turn | 150 sec total
|
|t:|1669008601
|move|p2a: Flutter Mane|Shadow Ball|p1a: Corviknight
|-damage|p1a: Corviknight|33\/100
|move|p1a: Corviknight|U-turn|p2a: Flutter Mane
|-resisted|p2a: Flutter Mane
|-damage|p2a: Flutter Mane|231\/251
|inactive|Time left: 150 sec this turn | 150 sec total
|
|t:|1669008604
|switch|p1a: Iron Moth|Iron Moth|100\/100|[from]move: U-turn
|
|-heal|p2a: Flutter Mane|246\/251|[from] item: Leftovers
|upkeep
|turn|3
|inactive|Time left: 150 sec this turn | 150 sec total
|
|t:|1669008619
|move|p1a: Iron Moth|Fiery Dance|p2a: Flutter Mane
|-damage|p2a: Flutter Mane|131\/251
|move|p2a: Flutter Mane|Psyshock|p1a: Iron Moth
|-supereffective|p1a: Iron Moth
|-damage|p1a: Iron Moth|9\/100
|
|-heal|p2a: Flutter Mane|146\/251|[from] item: Leftovers
|upkeep
|turn|4
|inactive|Time left: 145 sec this turn | 145 sec total
|
|t:|1669008628
|move|p1a: Iron Moth|Fiery Dance|p2a: Flutter Mane
|-damage|p2a: Flutter Mane|38\/251
|-boost|p1a: Iron Moth|spa|1
|move|p2a: Flutter Mane|Shadow Ball|p1a: Iron Moth
|-crit|p1a: Iron Moth
|-damage|p1a: Iron Moth|0 fnt
|faint|p1a: Iron Moth
|
|-heal|p2a: Flutter Mane|53\/251|[from] item: Leftovers
|upkeep
|inactive|Time left: 145 sec this turn | 145 sec total
|
|t:|1669008634
|switch|p1a: Lokix|Lokix, M|100\/100
|turn|5
|inactive|Time left: 150 sec this turn | 150 sec total
|
|t:|1669008639
|switch|p2a: Great Tusk|Great Tusk|434\/434
|move|p1a: Lokix|First Impression|p2a: Great Tusk
|-resisted|p2a: Great Tusk
|-damage|p2a: Great Tusk|274\/434
|
|upkeep
|turn|6
|inactive|Time left: 150 sec this turn | 150 sec total
|
|t:|1669008645
|switch|p1a: Chi-Yu|Chi-Yu|100\/100
|-ability|p1a: Chi-Yu|Beads of Ruin
|switch|p2a: Flutter Mane|Flutter Mane|53\/251
|
|-heal|p2a: Flutter Mane|68\/251|[from] item: Leftovers
|upkeep
|turn|7
|inactive|Time left: 150 sec this turn | 150 sec total
|
|t:|1669008653
|move|p2a: Flutter Mane|Moonblast|p1a: Chi-Yu
|-damage|p1a: Chi-Yu|45\/100
|move|p1a: Chi-Yu|Flamethrower|p2a: Flutter Mane
|-damage|p2a: Flutter Mane|0 fnt
|faint|p2a: Flutter Mane
|
|upkeep
|inactive|Time left: 150 sec this turn | 150 sec total
|
|t:|1669008663
|switch|p2a: Breloom|Breloom, F|261\/261
|turn|8
|inactive|Time left: 150 sec this turn | 150 sec total
|
|t:|1669008669
|switch|p1a: Great Tusk|Great Tusk|100\/100
|move|p2a: Breloom|Mach Punch|p1a: Great Tusk
|-damage|p1a: Great Tusk|78\/100
|
|-heal|p1a: Great Tusk|84\/100|[from] item: Leftovers
|upkeep
|turn|9
|inactive|Time left: 150 sec this turn | 150 sec total
|
|t:|1669008676
|-terastallize|p1a: Great Tusk|Fighting
|-start|p1a: Great Tusk|typechange|Fighting|[silent]
|move|p1a: Great Tusk|Close Combat|p2a: Breloom
|-enditem|p2a: Breloom|Focus Sash
|-damage|p2a: Breloom|1\/261
|-unboost|p1a: Great Tusk|def|1
|-unboost|p1a: Great Tusk|spd|1
|move|p2a: Breloom|Spore|p1a: Great Tusk
|-status|p1a: Great Tusk|slp|[from] move: Spore
|
|-heal|p1a: Great Tusk|90\/100 slp|[from] item: Leftovers
|upkeep
|turn|10
|inactive|Time left: 150 sec this turn | 150 sec total
|
|t:|1669008689
|switch|p1a: Corviknight|Corviknight, F|33\/100
|-ability|p1a: Corviknight|Pressure
|move|p2a: Breloom|Mach Punch|p1a: Corviknight
|-damage|p1a: Corviknight|15\/100
|-damage|p2a: Breloom|0 fnt|[from] item: Rocky Helmet|[of] p1a: Corviknight
|faint|p2a: Breloom
|
|upkeep
|inactive|Time left: 145 sec this turn | 145 sec total
|
|t:|1669008705
|switch|p2a: Iron Bundle|Iron Bundle|253\/253
|-enditem|p2a: Iron Bundle|Booster Energy
|-activate|p2a: Iron Bundle|ability: Quark Drive|[fromitem]
|-start|p2a: Iron Bundle|quarkdrivespe
|turn|11
|inactive|Time left: 140 sec this turn | 140 sec total
|
|t:|1669008709
|move|p2a: Iron Bundle|Freeze-Dry|p1a: Corviknight
|-damage|p1a: Corviknight|0 fnt
|faint|p1a: Corviknight
|
|upkeep
|inactive|Time left: 145 sec this turn | 145 sec total
|
|t:|1669008717
|switch|p1a: Lokix|Lokix, M|100\/100
|turn|12
|inactive|Time left: 150 sec this turn | 150 sec total
|
|t:|1669008720
|-end|p2a: Iron Bundle|Quark Drive
|switch|p2a: Great Tusk|Great Tusk|274\/434
|move|p1a: Lokix|U-turn|p2a: Great Tusk
|-resisted|p2a: Great Tusk
|-damage|p2a: Great Tusk|154\/434
|inactive|Time left: 150 sec this turn | 150 sec total
|
|t:|1669008725
|switch|p1a: Great Tusk|Great Tusk|90\/100 slp|[from]move: U-turn
|-start|p1a: Great Tusk|typechange|Fighting|[silent]
|
|-heal|p1a: Great Tusk|96\/100 slp|[from] item: Leftovers
|upkeep
|turn|13
|inactive|Time left: 150 sec this turn | 150 sec total
|
|t:|1669008737
|cant|p1a: Great Tusk|slp
|move|p2a: Great Tusk|Headlong Rush|p1a: Great Tusk
|-damage|p1a: Great Tusk|47\/100 slp
|-unboost|p2a: Great Tusk|def|1
|-unboost|p2a: Great Tusk|spd|1
|
|-heal|p1a: Great Tusk|53\/100 slp|[from] item: Leftovers
|upkeep
|turn|14
|inactive|Time left: 150 sec this turn | 150 sec total
|
|t:|1669008744
|-curestatus|p1a: Great Tusk|slp|[msg]
|move|p1a: Great Tusk|Rapid Spin|p2a: Great Tusk
|-damage|p2a: Great Tusk|80\/434
|-boost|p1a: Great Tusk|spe|1
|move|p2a: Great Tusk|Close Combat|p1a: Great Tusk
|-damage|p1a: Great Tusk|3\/100
|-unboost|p2a: Great Tusk|def|1
|-unboost|p2a: Great Tusk|spd|1
|
|-heal|p1a: Great Tusk|9\/100|[from] item: Leftovers
|upkeep
|turn|15
|inactive|Time left: 150 sec this turn | 150 sec total
|
|t:|1669008755
|move|p1a: Great Tusk|Rapid Spin|p2a: Great Tusk
|-damage|p2a: Great Tusk|0 fnt
|-boost|p1a: Great Tusk|spe|1
|faint|p2a: Great Tusk
|
|-heal|p1a: Great Tusk|15\/100|[from] item: Leftovers
|upkeep
|inactive|Time left: 145 sec this turn | 145 sec total
|
|t:|1669008761
|switch|p2a: Kingambit|Kingambit, M|404\/404
|turn|16
|inactive|Time left: 150 sec this turn | 150 sec total
|
|t:|1669008765
|switch|p1a: Rotom|Rotom-Wash|100\/100
|move|p2a: Kingambit|Sucker Punch||[still]
|-fail|p2a: Kingambit
|
|upkeep
|turn|17
|inactive|Time left: 150 sec this turn | 150 sec total
|
|t:|1669008771
|switch|p2a: Iron Bundle|Iron Bundle|253\/253
|move|p1a: Rotom|Will-O-Wisp|p2a: Iron Bundle
|-status|p2a: Iron Bundle|brn
|
|-damage|p2a: Iron Bundle|238\/253 brn|[from] brn
|upkeep
|turn|18
|inactive|Time left: 150 sec this turn | 150 sec total
|j| pokemonsta433
|
|t:|1669008782
|switch|p1a: Great Tusk|Great Tusk|15\/100
|-start|p1a: Great Tusk|typechange|Fighting|[silent]
|move|p2a: Iron Bundle|Hydro Pump|p1a: Great Tusk
|-damage|p1a: Great Tusk|0 fnt
|faint|p1a: Great Tusk
|
|-damage|p2a: Iron Bundle|223\/253 brn|[from] brn
|upkeep
|inactive|Time left: 150 sec this turn | 150 sec total
|
|t:|1669008787
|switch|p1a: Lokix|Lokix, M|100\/100
|turn|19
|inactive|Time left: 150 sec this turn | 150 sec total
|
|t:|1669008791
|switch|p2a: Kingambit|Kingambit, M|404\/404
|move|p1a: Lokix|First Impression|p2a: Kingambit
|-damage|p2a: Kingambit|235\/404
|
|upkeep
|turn|20
|inactive|Time left: 150 sec this turn | 150 sec total
|
|t:|1669008798
|switch|p1a: Rotom|Rotom-Wash|100\/100
|move|p2a: Kingambit|Kowtow Cleave|p1a: Rotom
|-damage|p1a: Rotom|49\/100
|-damage|p2a: Kingambit|195\/404|[from] item: Life Orb
|
|-heal|p1a: Rotom|55\/100|[from] item: Leftovers
|upkeep
|turn|21
|inactive|Time left: 150 sec this turn | 150 sec total
|
|t:|1669008805
|move|p1a: Rotom|Volt Switch|p2a: Kingambit
|-damage|p2a: Kingambit|96\/404
|inactive|Time left: 150 sec this turn | 150 sec total
|
|t:|1669008814
|switch|p1a: Chi-Yu|Chi-Yu|45\/100|[from]move: Volt Switch
|-ability|p1a: Chi-Yu|Beads of Ruin
|move|p2a: Kingambit|Kowtow Cleave|p1a: Chi-Yu
|-resisted|p1a: Chi-Yu
|-damage|p1a: Chi-Yu|0 fnt
|faint|p1a: Chi-Yu
|-damage|p2a: Kingambit|56\/404|[from] item: Life Orb
|
|upkeep
|inactive|Time left: 150 sec this turn | 150 sec total
|
|t:|1669008819
|switch|p1a: Rotom|Rotom-Wash|55\/100
|turn|22
|inactive|Time left: 150 sec this turn | 150 sec total
|
|t:|1669008828
|switch|p2a: Roaring Moon|Roaring Moon|351\/351
|-enditem|p2a: Roaring Moon|Booster Energy
|-activate|p2a: Roaring Moon|ability: Protosynthesis|[fromitem]
|-start|p2a: Roaring Moon|protosynthesisatk
|move|p1a: Rotom|Will-O-Wisp|p2a: Roaring Moon
|-status|p2a: Roaring Moon|brn
|
|-heal|p1a: Rotom|62\/100|[from] item: Leftovers
|-damage|p2a: Roaring Moon|330\/351 brn|[from] brn
|upkeep
|turn|23
|inactive|Time left: 150 sec this turn | 150 sec total
|
|t:|1669008838
|move|p2a: Roaring Moon|Acrobatics|p1a: Rotom
|-resisted|p1a: Rotom
|-damage|p1a: Rotom|50\/100
|move|p1a: Rotom|Volt Switch|p2a: Roaring Moon
|-resisted|p2a: Roaring Moon
|-damage|p2a: Roaring Moon|291\/351 brn
|inactive|Time left: 145 sec this turn | 145 sec total
|
|t:|1669008840
|switch|p1a: Lokix|Lokix, M|100\/100|[from]move: Volt Switch
|
|-damage|p2a: Roaring Moon|270\/351 brn|[from] brn
|upkeep
|turn|24
|inactive|Time left: 150 sec this turn | 150 sec total
|
|t:|1669008851
|-terastallize|p2a: Roaring Moon|Steel
|-start|p2a: Roaring Moon|typechange|Steel|[silent]
|move|p2a: Roaring Moon|Acrobatics|p1a: Lokix
|-supereffective|p1a: Lokix
|-damage|p1a: Lokix|8\/100
|move|p1a: Lokix|U-turn|p2a: Roaring Moon
|-resisted|p2a: Roaring Moon
|-damage|p2a: Roaring Moon|48\/351 brn
|inactive|Time left: 145 sec this turn | 145 sec total
|
|t:|1669008858
|switch|p1a: Rotom|Rotom-Wash|50\/100|[from]move: U-turn
|
|-heal|p1a: Rotom|56\/100|[from] item: Leftovers
|-damage|p2a: Roaring Moon|27\/351 brn|[from] brn
|upkeep
|turn|25
|inactive|Time left: 150 sec this turn | 150 sec total
|l| pokemonsta433
|
|t:|1669008866
|-end|p2a: Roaring Moon|Protosynthesis
|switch|p2a: Kingambit|Kingambit, M|56\/404
|move|p1a: Rotom|Volt Switch|p2a: Kingambit
|-damage|p2a: Kingambit|0 fnt
|faint|p2a: Kingambit
|inactive|Time left: 150 sec this turn | 150 sec total
|
|t:|1669008871
|switch|p1a: Lokix|Lokix, M|8\/100|[from]move: Volt Switch
|
|upkeep
|inactive|Time left: 150 sec this turn | 150 sec total
|
|t:|1669008876
|switch|p2a: Roaring Moon|Roaring Moon|27\/351 brn
|-start|p2a: Roaring Moon|typechange|Steel|[silent]
|turn|26
|inactive|Time left: 150 sec this turn | 150 sec total
|
|t:|1669008880
|switch|p2a: Iron Bundle|Iron Bundle|223\/253 brn
|move|p1a: Lokix|First Impression|p2a: Iron Bundle
|-damage|p2a: Iron Bundle|31\/253 brn
|
|-damage|p2a: Iron Bundle|16\/253 brn|[from] brn
|upkeep
|turn|27
|inactive|Time left: 150 sec this turn | 150 sec total
|
|t:|1669008889
|switch|p1a: Rotom|Rotom-Wash|56\/100
|move|p2a: Iron Bundle|Freeze-Dry|p1a: Rotom
|-supereffective|p1a: Rotom
|-damage|p1a: Rotom|0 fnt
|faint|p1a: Rotom
|
|-damage|p2a: Iron Bundle|1\/253 brn|[from] brn
|upkeep
|inactive|Time left: 150 sec this turn | 150 sec total
|
|t:|1669008894
|switch|p1a: Lokix|Lokix, M|8\/100
|turn|28
|inactive|Time left: 150 sec this turn | 150 sec total
|
|t:|1669008900
|switch|p2a: Roaring Moon|Roaring Moon|27\/351 brn
|-start|p2a: Roaring Moon|typechange|Steel|[silent]
|move|p1a: Lokix|First Impression|p2a: Roaring Moon
|-resisted|p2a: Roaring Moon
|-damage|p2a: Roaring Moon|0 fnt
|faint|p2a: Roaring Moon
|
|upkeep
|inactive|Time left: 150 sec this turn | 150 sec total
|
|t:|1669008906
|switch|p2a: Iron Bundle|Iron Bundle|1\/253 brn
|turn|29
|inactive|Time left: 150 sec this turn | 150 sec total
|
|t:|1669008910
|move|p1a: Lokix|First Impression||[still]
|-hint|First Impression only works on your first turn out.
|-fail|p1a: Lokix
|move|p2a: Iron Bundle|Ice Beam|p1a: Lokix
|-damage|p1a: Lokix|0 fnt
|faint|p1a: Lokix
|
|win|kissxsora
|inactive|Time left: 150 sec this turn | 150 sec total
|raw|ryzecharizard's rating: 1413 &rarr; <strong>1399<\/strong><br \/>(-14 for losing)
|raw|kissxsora's rating: 1515 &rarr; <strong>1529<\/strong><br \/>(+14 for winning)
||Ladder isn't responding, score probably updated but might not have (Request timeout).</script>
</div>
<div class="battle-log battle-log-inline"><div class="inner"><div class="battle-options"><div style="padding-top: 3px; padding-right: 3px; text-align: right"><button class="icon button" name="openBattleOptions" title="Options">战斗选项</button></div></div><div class="inner message-log"><div class="chat"><small>☆ryzecharizard和☆kissxsora进入了房间</small></div><div class=""><small>分级：</small> <br><strong>[Gen 9] OU</strong></div><div class="rated"><strong>计分战斗</strong></div><div class=""><small><em>催眠条款：</em>限制对手一只宝可梦进入睡眠状态</small></div><div class=""><small><em>种族条款：</em>限制使用相同宝可梦</small></div><div class=""><small><em>一击必杀条款：</em>限制使用一击濒死招式</small></div><div class=""><small><em>Evasion Items Clause:</em> Evasion items are banned</small></div><div class=""><small><em>闪避招式条款：</em>限制使用提升闪避率招式</small></div><div class=""><small><em>无限战斗条款：</em>限制无休止战斗</small></div><div class=""><small><em>血量百分比模式：</em>HP以百分比显示</small></div><div class="chat battle-history"><strong>ryzecharizard的队伍：</strong> <em style="color:#445566;display:block;">Great Tusk / Lokix / Corviknight / Iron Moth / Rotom-Wash / Chi-Yu</em></div><div class="chat battle-history"><strong>kissxsora的队伍：</strong> <em style="color:#445566;display:block;">Roaring Moon / Flutter Mane / Iron Bundle / Breloom / Kingambit / Great Tusk</em></div><div class="spacer battle-history"><br></div><div class="battle-history">ryzecharizard 与 kissxsora 的对战开始了！<br></div><div class="spacer battle-history"><br></div><div class="battle-history">ryzecharizard放出了<strong>Lokix</strong>!<br></div><div class="spacer battle-history"><br></div><div class="battle-history">去吧！<strong>Flutter Mane</strong>!<br></div><div class="spacer battle-history"><br></div><h2 class="battle-history">回合 1</h2><div class="chat message-error">战斗计时器已经开启：玩家若不行动则在时间耗尽后会输掉比赛。（由kissxsora发起）</div><div class="chat message-error">ryzecharizard还剩120秒。</div><div class="spacer battle-history"><br></div><div class="battle-history">ryzecharizard收回了Lokix！<br></div><div class="battle-history">ryzecharizard放出了<strong>钢铠鸦</strong>!<br></div><div class="battle-history">[对手的钢铠鸦的压迫感]<br><small>对手的钢铠鸦正在施加压迫感!</small><br></div><div class="spacer battle-history"><br></div><div class="battle-history">Flutter Mane使用了<strong>月亮之力</strong>!<br></div><div class="battle-history"><small>这不是很有效…</small><br></div><div class="battle-history"><small>对手的钢铠鸦失去了 24% 的生命值！</small><br></div><div class="spacer battle-history"><br></div><h2 class="battle-history">回合 2</h2><div class="spacer battle-history"><br></div><div class="battle-history">Flutter Mane使用了<strong>暗影球</strong>!<br></div><div class="battle-history"><small>对手的钢铠鸦失去了 43% 的生命值！</small><br></div><div class="spacer battle-history"><br></div><div class="battle-history">对手的钢铠鸦使用了<strong>急速折返</strong>!<br></div><div class="battle-history"><small>这不是很有效…</small><br></div><div class="battle-history"><small>Flutter Mane失去了 <abbr title="−20/251">8.0%</abbr>的生命值！</small><br></div><div class="spacer battle-history"><br></div><div class="battle-history">对手的钢铠鸦回到了ryzecharizard的身边！<br></div><div class="battle-history">ryzecharizard放出了<strong>Iron Moth</strong>!<br></div><div class="spacer battle-history"><br></div><div class="battle-history"><small>undefined通过剩饭恢复了一点HP！</small><br></div><div class="spacer battle-history"><br></div><h2 class="battle-history">回合 3</h2><div class="spacer battle-history"><br></div><div class="battle-history">对手的Iron Moth使用了<strong>火之舞</strong>!<br></div><div class="battle-history"><small>Flutter Mane失去了 <abbr title="−115/251">45.8%</abbr>的生命值！</small><br></div><div class="spacer battle-history"><br></div><div class="battle-history">Flutter Mane使用了<strong>精神冲击</strong>!<br></div><div class="battle-history"><small>这非常有效！</small><br></div><div class="battle-history"><small>对手的Iron Moth失去了 91% 的生命值！</small><br></div><div class="spacer battle-history"><br></div><div class="battle-history"><small>undefined通过剩饭恢复了一点HP！</small><br></div><div class="spacer battle-history"><br></div><h2 class="battle-history">回合 4</h2><div class="spacer battle-history"><br></div><div class="battle-history">对手的Iron Moth使用了<strong>火之舞</strong>!<br></div><div class="battle-history"><small>Flutter Mane失去了 <abbr title="−108/251">43.0%</abbr>的生命值！</small><br></div><div class="battle-history"><small>对手undefined的特攻提高了！</small><br></div><div class="spacer battle-history"><br></div><div class="battle-history">Flutter Mane使用了<strong>暗影球</strong>!<br></div><div class="battle-history"><small>击中了要害！</small><br></div><div class="battle-history"><small>对手的Iron Moth失去了 9% 的生命值！</small><br></div><div class="spacer battle-history"><br></div><div class="battle-history">对手的undefined倒下了！<br></div><div class="spacer battle-history"><br></div><div class="battle-history"><small>undefined通过剩饭恢复了一点HP！</small><br></div><div class="spacer battle-history"><br></div><div class="battle-history">ryzecharizard放出了<strong>Lokix</strong>!<br></div><div class="spacer battle-history"><br></div><h2 class="battle-history">回合 5</h2><div class="spacer battle-history"><br></div><div class="battle-history">Flutter Mane，回来吧！<br></div><div class="battle-history">去吧！<strong>Great Tusk</strong>!<br></div><div class="spacer battle-history"><br></div><div class="battle-history">对手的Lokix使用了<strong>迎头一击</strong>!<br></div><div class="battle-history"><small>这不是很有效…</small><br></div><div class="battle-history"><small>Great Tusk失去了 <abbr title="−160/434">36.9%</abbr>的生命值！</small><br></div><div class="spacer battle-history"><br></div><h2 class="battle-history">回合 6</h2><div class="spacer battle-history"><br></div><div class="battle-history">ryzecharizard收回了Lokix！<br></div><div class="battle-history">ryzecharizard放出了<strong>Chi-Yu</strong>!<br></div><div class="battle-history">[The opposing Chi-Yu's Beads of Ruin]<br><small>The opposing Chi-Yu's Beads of Ruin weakened the Sp. Def of all surrounding Pokemon!</small><br></div><div class="spacer battle-history"><br></div><div class="battle-history">Great Tusk，回来吧！<br></div><div class="battle-history">去吧！<strong>Flutter Mane</strong>!<br></div><div class="spacer battle-history"><br></div><div class="battle-history"><small>undefined通过剩饭恢复了一点HP！</small><br></div><div class="spacer battle-history"><br></div><h2 class="battle-history">回合 7</h2><div class="spacer battle-history"><br></div><div class="battle-history">Flutter Mane使用了<strong>月亮之力</strong>!<br></div><div class="battle-history"><small>对手的Chi-Yu失去了 55% 的生命值！</small><br></div><div class="spacer battle-history"><br></div><div class="battle-history">对手的Chi-Yu使用了<strong>喷射火焰</strong>!<br></div><div class="battle-history"><small>Flutter Mane失去了 <abbr title="−68/251">27.1%</abbr>的生命值！</small><br></div><div class="spacer battle-history"><br></div><div class="battle-history">undefined倒下了！<br></div><div class="spacer battle-history"><br></div><div class="battle-history">去吧！<strong>斗笠菇</strong>!<br></div><div class="spacer battle-history"><br></div><h2 class="battle-history">回合 8</h2><div class="spacer battle-history"><br></div><div class="battle-history">ryzecharizard收回了Chi-Yu！<br></div><div class="battle-history">ryzecharizard放出了<strong>Great Tusk</strong>!<br></div><div class="spacer battle-history"><br></div><div class="battle-history">斗笠菇使用了<strong>音速拳</strong>!<br></div><div class="battle-history"><small>对手的Great Tusk失去了 22% 的生命值！</small><br></div><div class="spacer battle-history"><br></div><div class="battle-history"><small>对手的undefined通过剩饭恢复了一点HP！</small><br></div><div class="spacer battle-history"><br></div><h2 class="battle-history">回合 9</h2><div class="spacer battle-history"><br></div><div class="battle-history"><small>The opposing Great Tusk has Terastallized into the Fighting-type!</small><br></div><div class="spacer battle-history"><br></div><div class="battle-history">对手的Great Tusk使用了<strong>近身战</strong>!<br></div><div class="battle-history"><small>斗笠菇靠着它的气势披带撑住了!</small><br></div><div class="battle-history"><small>斗笠菇失去了 <abbr title="−260/261">99.6%</abbr>的生命值！</small><br></div><div class="battle-history"><small>对手undefined的防御降低了！</small><br></div><div class="battle-history"><small>对手undefined的特防降低了！</small><br></div><div class="spacer battle-history"><br></div><div class="battle-history">斗笠菇使用了<strong>蘑菇孢子</strong>!<br></div><div class="battle-history"><small>对手的Great Tusk睡着了!</small><br></div><div class="spacer battle-history"><br></div><div class="battle-history"><small>对手的undefined通过剩饭恢复了一点HP！</small><br></div><div class="spacer battle-history"><br></div><h2 class="battle-history">回合 10</h2><div class="spacer battle-history"><br></div><div class="battle-history">ryzecharizard收回了Great Tusk！<br></div><div class="battle-history">ryzecharizard放出了<strong>钢铠鸦</strong>!<br></div><div class="battle-history">[对手的钢铠鸦的压迫感]<br><small>对手的钢铠鸦正在施加压迫感!</small><br></div><div class="spacer battle-history"><br></div><div class="battle-history">斗笠菇使用了<strong>音速拳</strong>!<br></div><div class="battle-history"><small>对手的钢铠鸦失去了 18% 的生命值！</small><br></div><div class="battle-history"><small>斗笠菇受到了凸凸头盔的伤害！</small><br></div><div class="spacer battle-history"><br></div><div class="battle-history">斗笠菇倒下了！<br></div><div class="spacer battle-history"><br></div><div class="battle-history">去吧！<strong>Iron Bundle</strong>!<br></div><div class="battle-history"><small>Iron Bundle使用了它的Booster Energy！</small><br></div><div class="battle-history">[Iron Bundle的Quark Drive]<br><small>Iron Bundle使用了它的Booster Energy to activate its Quark Drive！</small><br></div><div class="battle-history"><small>Iron Bundle's Speed was heightened!</small><br></div><div class="spacer battle-history"><br></div><h2 class="battle-history">回合 11</h2><div class="spacer battle-history"><br></div><div class="battle-history">Iron Bundle使用了<strong>冷冻干燥</strong>!<br></div><div class="battle-history"><small>对手的钢铠鸦失去了 15% 的生命值！</small><br></div><div class="spacer battle-history"><br></div><div class="battle-history">对手的钢铠鸦倒下了！<br></div><div class="spacer battle-history"><br></div><div class="battle-history">ryzecharizard放出了<strong>Lokix</strong>!<br></div><div class="spacer battle-history"><br></div><h2 class="battle-history">回合 12</h2><div class="spacer battle-history"><br></div><div class="battle-history"><small>The effects of Iron Bundle's Quark Drive wore off!</small><br></div><div class="spacer battle-history"><br></div><div class="battle-history">Iron Bundle，回来吧！<br></div><div class="battle-history">去吧！<strong>Great Tusk</strong>!<br></div><div class="spacer battle-history"><br></div><div class="battle-history">对手的Lokix使用了<strong>急速折返</strong>!<br></div><div class="battle-history"><small>这不是很有效…</small><br></div><div class="battle-history"><small>Great Tusk失去了 <abbr title="−120/434">27.6%</abbr>的生命值！</small><br></div><div class="spacer battle-history"><br></div><div class="battle-history">对手的Lokix回到了ryzecharizard的身边！<br></div><div class="battle-history">ryzecharizard放出了<strong>Great Tusk</strong>!<br></div><div class="spacer battle-history"><br></div><div class="battle-history"><small>对手的undefined通过剩饭恢复了一点HP！</small><br></div><div class="spacer battle-history"><br></div><h2 class="battle-history">回合 13</h2><div class="spacer battle-history"><br></div><div class="battle-history">对手的Great Tusk正在熟睡。<br></div><div class="spacer battle-history"><br></div><div class="battle-history">Great Tusk使用了<strong>Headlong Rush</strong>!<br></div><div class="battle-history"><small>对手的Great Tusk失去了 49% 的生命值！</small><br></div><div class="battle-history"><small>undefined的防御降低了！</small><br></div><div class="battle-history"><small>undefined的特防降低了！</small><br></div><div class="spacer battle-history"><br></div><div class="battle-history"><small>对手的undefined通过剩饭恢复了一点HP！</small><br></div><div class="spacer battle-history"><br></div><h2 class="battle-history">回合 14</h2><div class="spacer battle-history"><br></div><div class="battle-history"><small>对手的Great Tusk醒来了!</small><br></div><div class="spacer battle-history"><br></div><div class="battle-history">对手的Great Tusk使用了<strong>高速旋转</strong>!<br></div><div class="battle-history"><small>Great Tusk失去了 <abbr title="−74/434">17.1%</abbr>的生命值！</small><br></div><div class="battle-history"><small>对手undefined的速度提高了！</small><br></div><div class="spacer battle-history"><br></div><div class="battle-history">Great Tusk使用了<strong>近身战</strong>!<br></div><div class="battle-history"><small>对手的Great Tusk失去了 50% 的生命值！</small><br></div><div class="battle-history"><small>undefined的防御降低了！</small><br></div><div class="battle-history"><small>undefined的特防降低了！</small><br></div><div class="spacer battle-history"><br></div><div class="battle-history"><small>对手的undefined通过剩饭恢复了一点HP！</small><br></div><div class="spacer battle-history"><br></div><h2 class="battle-history">回合 15</h2><div class="spacer battle-history"><br></div><div class="battle-history">对手的Great Tusk使用了<strong>高速旋转</strong>!<br></div><div class="battle-history"><small>Great Tusk失去了 <abbr title="−80/434">18.4%</abbr>的生命值！</small><br></div><div class="battle-history"><small>对手undefined的速度提高了！</small><br></div><div class="spacer battle-history"><br></div><div class="battle-history">undefined倒下了！<br></div><div class="spacer battle-history"><br></div><div class="battle-history"><small>对手的undefined通过剩饭恢复了一点HP！</small><br></div><div class="spacer battle-history"><br></div><div class="battle-history">去吧！<strong>Kingambit</strong>!<br></div><div class="spacer battle-history"><br></div><h2 class="battle-history">回合 16</h2><div class="spacer battle-history"><br></div><div class="battle-history">ryzecharizard收回了Great Tusk！<br></div><div class="battle-history">ryzecharizard放出了<strong>清洗洛托姆</strong>)!<br></div><div class="spacer battle-history"><br></div><div class="battle-history">Kingambit使用了<strong>突袭</strong>!<br></div><div class="battle-history"><small>但是失败了！</small><br></div><div class="spacer battle-history"><br></div><h2 class="battle-history">回合 17</h2><div class="spacer battle-history"><br></div><div class="battle-history">Kingambit，回来吧！<br></div><div class="battle-history">去吧！<strong>Iron Bundle</strong>!<br></div><div class="spacer battle-history"><br></div><div class="battle-history">对手的洛托姆使用了<strong>鬼火</strong>!<br></div><div class="battle-history"><small>Iron Bundle被灼伤了！</small><br></div><div class="spacer battle-history"><br></div><div class="battle-history"><small>Iron Bundle受到了灼伤的伤害！</small><br></div><div class="spacer battle-history"><br></div><h2 class="battle-history">回合 18</h2><div class="chat"><small> pokemonsta433进入了房间</small></div><div class="spacer battle-history"><br></div><div class="battle-history">ryzecharizard收回了洛托姆！<br></div><div class="battle-history">ryzecharizard放出了<strong>Great Tusk</strong>!<br></div><div class="spacer battle-history"><br></div><div class="battle-history">Iron Bundle使用了<strong>水炮</strong>!<br></div><div class="battle-history"><small>对手的Great Tusk失去了 15% 的生命值！</small><br></div><div class="spacer battle-history"><br></div><div class="battle-history">对手的undefined倒下了！<br></div><div class="spacer battle-history"><br></div><div class="battle-history"><small>Iron Bundle受到了灼伤的伤害！</small><br></div><div class="spacer battle-history"><br></div><div class="battle-history">ryzecharizard放出了<strong>Lokix</strong>!<br></div><div class="spacer battle-history"><br></div><h2 class="battle-history">回合 19</h2><div class="spacer battle-history"><br></div><div class="battle-history">Iron Bundle，回来吧！<br></div><div class="battle-history">去吧！<strong>Kingambit</strong>!<br></div><div class="spacer battle-history"><br></div><div class="battle-history">对手的Lokix使用了<strong>迎头一击</strong>!<br></div><div class="battle-history"><small>Kingambit失去了 <abbr title="−169/404">41.8%</abbr>的生命值！</small><br></div><div class="spacer battle-history"><br></div><h2 class="battle-history">回合 20</h2><div class="spacer battle-history"><br></div><div class="battle-history">ryzecharizard收回了Lokix！<br></div><div class="battle-history">ryzecharizard放出了<strong>清洗洛托姆</strong>)!<br></div><div class="spacer battle-history"><br></div><div class="battle-history">Kingambit使用了<strong>Kowtow Cleave</strong>!<br></div><div class="battle-history"><small>对手的洛托姆失去了 51% 的生命值！</small><br></div><div class="battle-history"><small>Kingambit损失了一部分HP！</small><br></div><div class="spacer battle-history"><br></div><div class="battle-history"><small>对手的洛托姆通过剩饭恢复了一点HP！</small><br></div><div class="spacer battle-history"><br></div><h2 class="battle-history">回合 21</h2><div class="spacer battle-history"><br></div><div class="battle-history">对手的洛托姆使用了<strong>伏特替换</strong>!<br></div><div class="battle-history"><small>Kingambit失去了 <abbr title="−99/404">24.5%</abbr>的生命值！</small><br></div><div class="spacer battle-history"><br></div><div class="battle-history">对手的洛托姆回到了ryzecharizard的身边！<br></div><div class="battle-history">ryzecharizard放出了<strong>Chi-Yu</strong>!<br></div><div class="battle-history">[The opposing Chi-Yu's Beads of Ruin]<br><small>The opposing Chi-Yu's Beads of Ruin weakened the Sp. Def of all surrounding Pokemon!</small><br></div><div class="spacer battle-history"><br></div><div class="battle-history">Kingambit使用了<strong>Kowtow Cleave</strong>!<br></div><div class="battle-history"><small>这不是很有效…</small><br></div><div class="battle-history"><small>对手的Chi-Yu失去了 45% 的生命值！</small><br></div><div class="spacer battle-history"><br></div><div class="battle-history">对手的undefined倒下了！<br></div><div class="battle-history"><small>Kingambit损失了一部分HP！</small><br></div><div class="spacer battle-history"><br></div><div class="battle-history">ryzecharizard放出了<strong>清洗洛托姆</strong>)!<br></div><div class="spacer battle-history"><br></div><h2 class="battle-history">回合 22</h2><div class="spacer battle-history"><br></div><div class="battle-history">Kingambit，回来吧！<br></div><div class="battle-history">去吧！<strong>Roaring Moon</strong>!<br></div><div class="battle-history"><small>Roaring Moon使用了它的Booster Energy！</small><br></div><div class="battle-history">[Roaring Moon的Protosynthesis]<br><small>Roaring Moon使用了它的Booster Energy to activate Protosynthesis！</small><br></div><div class="battle-history"><small>Roaring Moon's Attack was heightened!</small><br></div><div class="spacer battle-history"><br></div><div class="battle-history">对手的洛托姆使用了<strong>鬼火</strong>!<br></div><div class="battle-history"><small>Roaring Moon被灼伤了！</small><br></div><div class="spacer battle-history"><br></div><div class="battle-history"><small>对手的洛托姆通过剩饭恢复了一点HP！</small><br></div><div class="battle-history"><small>Roaring Moon受到了灼伤的伤害！</small><br></div><div class="spacer battle-history"><br></div><h2 class="battle-history">回合 23</h2><div class="spacer battle-history"><br></div><div class="battle-history">Roaring Moon使用了<strong>杂技</strong>!<br></div><div class="battle-history"><small>这不是很有效…</small><br></div><div class="battle-history"><small>对手的洛托姆失去了 12% 的生命值！</small><br></div><div class="spacer battle-history"><br></div><div class="battle-history">对手的洛托姆使用了<strong>伏特替换</strong>!<br></div><div class="battle-history"><small>这不是很有效…</small><br></div><div class="battle-history"><small>Roaring Moon失去了 <abbr title="−39/351">11.1%</abbr>的生命值！</small><br></div><div class="spacer battle-history"><br></div><div class="battle-history">对手的洛托姆回到了ryzecharizard的身边！<br></div><div class="battle-history">ryzecharizard放出了<strong>Lokix</strong>!<br></div><div class="spacer battle-history"><br></div><div class="battle-history"><small>Roaring Moon受到了灼伤的伤害！</small><br></div><div class="spacer battle-history"><br></div><h2 class="battle-history">回合 24</h2><div class="spacer battle-history"><br></div><div class="battle-history"><small>Roaring Moon has Terastallized into the Steel-type!</small><br></div><div class="spacer battle-history"><br></div><div class="battle-history">Roaring Moon使用了<strong>杂技</strong>!<br></div><div class="battle-history"><small>这非常有效！</small><br></div><div class="battle-history"><small>对手的Lokix失去了 92% 的生命值！</small><br></div><div class="spacer battle-history"><br></div><div class="battle-history">对手的Lokix使用了<strong>急速折返</strong>!<br></div><div class="battle-history"><small>这不是很有效…</small><br></div><div class="battle-history"><small>Roaring Moon失去了 <abbr title="−222/351">63.2%</abbr>的生命值！</small><br></div><div class="spacer battle-history"><br></div><div class="battle-history">对手的Lokix回到了ryzecharizard的身边！<br></div><div class="battle-history">ryzecharizard放出了<strong>清洗洛托姆</strong>)!<br></div><div class="spacer battle-history"><br></div><div class="battle-history"><small>对手的洛托姆通过剩饭恢复了一点HP！</small><br></div><div class="battle-history"><small>Roaring Moon受到了灼伤的伤害！</small><br></div><div class="spacer battle-history"><br></div><h2 class="battle-history">回合 25</h2><div class="chat"><small> pokemonsta433离开了</small></div><div class="spacer battle-history"><br></div><div class="battle-history"><small>The effects of Roaring Moon's Protosynthesis wore off!</small><br></div><div class="spacer battle-history"><br></div><div class="battle-history">Roaring Moon，回来吧！<br></div><div class="battle-history">去吧！<strong>Kingambit</strong>!<br></div><div class="spacer battle-history"><br></div><div class="battle-history">对手的洛托姆使用了<strong>伏特替换</strong>!<br></div><div class="battle-history"><small>Kingambit失去了 <abbr title="−56/404">13.9%</abbr>的生命值！</small><br></div><div class="spacer battle-history"><br></div><div class="battle-history">undefined倒下了！<br></div><div class="spacer battle-history"><br></div><div class="battle-history">对手的洛托姆回到了ryzecharizard的身边！<br></div><div class="battle-history">ryzecharizard放出了<strong>Lokix</strong>!<br></div><div class="spacer battle-history"><br></div><div class="battle-history">去吧！<strong>Roaring Moon</strong>!<br></div><div class="spacer battle-history"><br></div><h2 class="battle-history">回合 26</h2><div class="spacer battle-history"><br></div><div class="battle-history">Roaring Moon，回来吧！<br></div><div class="battle-history">去吧！<strong>Iron Bundle</strong>!<br></div><div class="spacer battle-history"><br></div><div class="battle-history">对手的Lokix使用了<strong>迎头一击</strong>!<br></div><div class="battle-history"><small>Iron Bundle失去了 <abbr title="−192/253">75.9%</abbr>的生命值！</small><br></div><div class="spacer battle-history"><br></div><div class="battle-history"><small>Iron Bundle受到了灼伤的伤害！</small><br></div><div class="spacer battle-history"><br></div><h2 class="battle-history">回合 27</h2><div class="spacer battle-history"><br></div><div class="battle-history">ryzecharizard收回了Lokix！<br></div><div class="battle-history">ryzecharizard放出了<strong>清洗洛托姆</strong>)!<br></div><div class="spacer battle-history"><br></div><div class="battle-history">Iron Bundle使用了<strong>冷冻干燥</strong>!<br></div><div class="battle-history"><small>这非常有效！</small><br></div><div class="battle-history"><small>对手的洛托姆失去了 56% 的生命值！</small><br></div><div class="spacer battle-history"><br></div><div class="battle-history">对手的洛托姆倒下了！<br></div><div class="spacer battle-history"><br></div><div class="battle-history"><small>Iron Bundle受到了灼伤的伤害！</small><br></div><div class="spacer battle-history"><br></div><div class="battle-history">ryzecharizard放出了<strong>Lokix</strong>!<br></div><div class="spacer battle-history"><br></div><h2 class="battle-history">回合 28</h2><div class="spacer battle-history"><br></div><div class="battle-history">Iron Bundle，回来吧！<br></div><div class="battle-history">去吧！<strong>Roaring Moon</strong>!<br></div><div class="spacer battle-history"><br></div><div class="battle-history">对手的Lokix使用了<strong>迎头一击</strong>!<br></div><div class="battle-history"><small>这不是很有效…</small><br></div><div class="battle-history"><small>Roaring Moon失去了 <abbr title="−27/351">7.7%</abbr>的生命值！</small><br></div><div class="spacer battle-history"><br></div><div class="battle-history">undefined倒下了！<br></div><div class="spacer battle-history"><br></div><div class="battle-history">去吧！<strong>Iron Bundle</strong>!<br></div><div class="spacer battle-history"><br></div><h2 class="battle-history">回合 29</h2><div class="spacer battle-history"><br></div><div class="battle-history">对手的Lokix使用了<strong>迎头一击</strong>!<br></div><div class="battle-history"><small>(First Impression only works on your first turn out.)</small><br></div><div class="battle-history"><small>但是失败了！</small><br></div><div class="spacer battle-history"><br></div><div class="battle-history">Iron Bundle使用了<strong>冰冻光束</strong>!<br></div><div class="battle-history"><small>对手的Lokix失去了 8% 的生命值！</small><br></div><div class="spacer battle-history"><br></div><div class="battle-history">对手的undefined倒下了！<br></div><div class="spacer battle-history"><br></div><div class="battle-history"><strong>kissxsora</strong>获得了胜利！<br></div><div class="chat">ryzecharizard's rating: 1413 → <strong>1399</strong><br>(-14 for losing)</div><div class="chat">kissxsora's rating: 1515 → <strong>1529</strong><br>(+14 for winning)</div><div class="chat">排行榜没有响应，分数可能已更新，也可能没有(请求超时)。</div></div><div class="inner-preempt message-log"></div></div></div>
</div>
<script>
let daily = Math.floor(Date.now()/1000/60/60/24);document.write('<script src="https://play.pokemonshowdown.com/js/replay-embed.js?version'+daily+'"></'+'script>');
</script>
